@article{harrlow,
  title={Random quantum circuits are approximate 2-designs},
  author={Harrow, Aram W and Low, Richard A},
  journal={Communications in Mathematical Physics},
  volume={291},
  number={1},
  pages={257--302},
  year={2009},
  publisher={Springer}
}

@book{cover,
  title={Elements of information theory},
  author={Cover, Thomas M},
  year={1999},
  publisher={John Wiley \& Sons}
}

@book{raghavan,
  title={Randomized algorithms},
  author={Raghavan, Prabhakar and Motwani, Rajeev},
  year={1995},
  publisher={Cambridge University Press Cambridge}
}

@article{brandao,
  title={Local random quantum circuits are approximate polynomial-designs},
  author={Brandao, Fernando GSL and Harrow, Aram W and Horodecki, Micha{\l}},
  journal={Communications in Mathematical Physics},
  volume={346},
  number={2},
  pages={397--434},
  year={2016},
  publisher={Springer}
}

@article{diniz,
  title={Comment on “Random Quantum Circuits are Approximate 2-designs” by AW Harrow and RA Low (Commun. Math. Phys. 291, 257--302 (2009))},
  author={Diniz, Igor Tuche and Jonathan, Daniel},
  journal={Communications in Mathematical Physics},
  volume={304},
  number={1},
  pages={281--293},
  year={2011},
  publisher={Springer}
}

@article{brandaoshort,
  title={Efficient quantum pseudorandomness},
  author={Brandao, Fernando GSL and Harrow, Aram W and Horodecki, Micha{\l}},
  journal={Physical review letters},
  volume={116},
  number={17},
  pages={170502},
  year={2016},
  publisher={APS}
}

@article{oliveira,
  title={Efficient generation of generic entanglement},
  author={Oliveira, Roberto and Dahlsten, Oscar CO and Plenio, Martin B},
  journal={arXiv preprint quant-ph/0605126},
  year={2006}
}

@article{knill,
  title={Approximation by quantum circuits},
  author={Knill, Emanuel},
  journal={arXiv preprint quant-ph/9508006},
  year={1995}
}

@book{montenegro,
  title={Mathematical aspects of mixing times in Markov chains},
  author={Montenegro, Ravi R and Tetali, Prasad},
  year={2006},
  publisher={Now Publishers Inc}
}

@article{barenco,
  title={Stabilization of quantum computations by symmetrization},
  author={Barenco, Adriano and Berthiaume, Andr{\'e} and Deutsch, David and Ekert, Artur and Jozsa, Richard and Macchiavello, Chiara},
  journal={SIAM Journal on Computing},
  volume={26},
  number={5},
  pages={1541--1557},
  year={1997},
  publisher={SIAM}
}
