@misc {childs17,
author = {Andrew Childs},
title = {Lecture Notes on Quantum Algorithms},
year = {2017},
month = {May}
}
